@misc{mycom,
	title = "MYCOM PC WEB",
	note = "http://pcweb.mycom.co.jp/column/report450.html",
}

@misc{bibcap1,
	title = "",
	note ="http://pcweb.mycom.co.jp/articles/2004/01/01/3dgraph/",
}

@misc{bibcap2,
	title = "",
	note ="http://d.hatena.ne.jp/keyword/DirectX",
}
@manual{AODV,
	author={C. Perkins and E. Belding-Royer and S. Das},
	title={Ad hoc On-demand Routing Vector (AODV) Routing},
	month={July},
	year={2003},
	organization={IETF RFC3561}
}
@book{DSR,
	author={D. Johnson and Y. Hu and D. Maltz},
	title={The Dynamic Source Routing Protocol (DSR) for Mobile Ad Hoc Networks for IPv4},
	month={February},
	year={2007},
	publisher={IETF RFC4728},
}
@book{OLSR,
	author={T. Clausen and P. Jacquet},
	title={Optimized Link State Routing Protocol (OLSR)},
	month={October},
	year={2003},
	publisher={IETF RFC3626}
}
@book{TBRPF,
	author={R. Ogier and M. Lewis and F. Templin},
	title={Topology Dissemination Based on Reverse Path Forwarding (TBRPF)},
	month={February},
	year={2004},
	publisher={IETF RFC3684}
}
@article{ISSTA1994,
author = {Bochmann, Gregor V and Petrenko, Alexandre},
journal = {Proc. of the International Symposium on Software Testing and Analysis},
pages = {109--124},
title = {{Protocol testing: review of methods and relevance for software testing}},
year = {1994}
}
@INPROCEEDINGS{ICTE2007,
author={Inayatullah, M. and Shah, S.W. and Khan, Z. and Raza, S.S. and Suhail, A.},
booktitle={Emerging Technologies, 2007. ICET 2007. International Conference on}, 
title={Implementation of Table Driven Routing Protocol for Small Sized MANET using Bluetooth in JAVA},
year={2007},
month={Novenber},
pages={27 -30},
keywords={Bluetooth;Java;MANET;client-server communication;destination sequenced distance vector;mobile router;self-configuring network;table driven routing protocol;wireless link;wireless mobile ad-hoc network;Bluetooth;Java;ad hoc networks;client-server systems;mobile radio;radio links;routing protocols;telecommunication computing;},
doi={10.1109/ICET.2007.4516310},
}
