@misc{sample1,
title={sample paper1},
year={2020},
}
@misc{sample2,
title={sample paper2},
year={2020},
}
@misc{sample3,
title={sample paper3},
year={2020},
}
@misc{sample4,
title={sample paper4},
year={2020},
}
@misc{ndss_2020,
  title={Poster: A Chaincode with Attribute-Based Encryption for Protecting Data in Ledgers},
  author={Mio Saiki and Hideharu Kojima and Naoto Yanai and Tatsuhiro Tsuchiya},
  howpublished={NDSS Symposium 2020, Poster},
  year={2020}
}